<?xml version="1.0" encoding="UTF-8"?><collection xmlns="http://www.loc.gov/MARC21/slim"><record><leader>00842nam--2200181-u-4500</leader><controlfield tag="001">000053082</controlfield><controlfield tag="002">20161230</controlfield><controlfield tag="005">20210312043325</controlfield><controlfield tag="008">110105s1000------------r-----000-0-eng-d</controlfield><datafield ind1=" " ind2=" " tag="040"><subfield code="a">IFIN-HH</subfield></datafield><datafield ind1=" " ind2=" " tag="080"><subfield code="a">539.1(06.055.6)</subfield></datafield><datafield ind1="1" ind2=" " tag="110"><subfield code="a">Horia Hulubei National Institute Of Physics And Nuclear Engineering (Ifin-hh)</subfield></datafield><datafield ind1="1" ind2="0" tag="245"><subfield code="a">Advances in nuclear physics</subfield><subfield code="b">Intenational symposium dedicated to the 50th anniversary of institutional physics research in Romania Bucharest, 9-10 december, 1999 abstracts of invited talks, oral contributions, and posters</subfield></datafield><datafield ind1=" " ind2=" " tag="260"><subfield code="a">Bucuresti</subfield><subfield code="b">IFIN-HH</subfield><subfield code="c">1999</subfield></datafield><datafield ind1=" " ind2=" " tag="300"><subfield code="a">113P</subfield></datafield><datafield ind1=" " ind2=" " tag="500"><subfield code="a">Organized By Horia Hulubei National Institute Of Physics And Nuclear Engineering (Ifin-hh) To Celebrate 50m Years Of Institutional Research Activities In Romania</subfield></datafield><datafield ind1=" " ind2=" " tag="852"><subfield code="a">81122</subfield><subfield code="c">539</subfield></datafield><datafield ind1=" " ind2=" " tag="CAT"><subfield code="a">SYS</subfield><subfield code="c">20210312</subfield><subfield code="h">043325</subfield></datafield></record></collection>